@preamble{
   "\def\cprime{$'$} "
}

@misc{AMV,
      title={Enumeration of set-theoretic solutions to the {Yang-Baxter} equation}, 
      author={\"O. Akg\"un and M. Mereb and L. Vendramin},
      year={2020},
      journal={arXiv:2008.04483},
}

@article {MR1205890,
    AUTHOR = {Chiswell, I. M. and Kropholler, P. H.},
     TITLE = {Soluble right orderable groups are locally indicable},
   JOURNAL = {Canad. Math. Bull.},
  FJOURNAL = {Canadian Mathematical Bulletin. Bulletin Canadien de
              Math\'{e}matiques},
    VOLUME = {36},
      YEAR = {1993},
    NUMBER = {1},
     PAGES = {22--29},
      ISSN = {0008-4395},
   MRCLASS = {20F60 (20F16)},
  MRNUMBER = {1205890},
       DOI = {10.4153/CMB-1993-004-2},
       URL = {https://doi.org/10.4153/CMB-1993-004-2},
}

@incollection {MR988177,
    AUTHOR = {Sysak, Ya. P.},
     TITLE = {Products of almost abelian groups},
 BOOKTITLE = {Investigations of groups with restrictions for subgroups
              ({R}ussian)},
     PAGES = {81--85, iii},
 PUBLISHER = {Akad. Nauk Ukrain. SSR, Inst. Mat., Kiev},
      YEAR = {1988},
   MRCLASS = {20G15},
  MRNUMBER = {988177},
}

@article {MR1786236,
    AUTHOR = {Pakianathan, Jonathan and Shankar, Krishnan},
     TITLE = {Nilpotent numbers},
   JOURNAL = {Amer. Math. Monthly},
  FJOURNAL = {American Mathematical Monthly},
    VOLUME = {107},
      YEAR = {2000},
    NUMBER = {7},
     PAGES = {631--634},
      ISSN = {0002-9890},
   MRCLASS = {20D60 (11A07 20D15)},
  MRNUMBER = {1786236},
MRREVIEWER = {Dieter Jungnickel},
       DOI = {10.2307/2589118},
       URL = {https://doi.org/10.2307/2589118},
}

@book {MR2129747,
    AUTHOR = {Holt, Derek F. and Eick, Bettina and O'Brien, Eamonn A.},
     TITLE = {Handbook of computational group theory},
    SERIES = {Discrete Mathematics and its Applications (Boca Raton)},
 PUBLISHER = {Chapman \& Hall/CRC, Boca Raton, FL},
      YEAR = {2005},
     PAGES = {xvi+514},
      ISBN = {1-58488-372-3},
   MRCLASS = {20-01 (20-04 68Q42 68Q70 68W30)},
  MRNUMBER = {2129747},
MRREVIEWER = {Wolfgang Lempken},
       DOI = {10.1201/9781420035216},
       URL = {https://doi.org/10.1201/9781420035216},
}

@article {MR1809284,
    AUTHOR = {Soloviev, Alexander},
     TITLE = {Non-unitary set-theoretical solutions to the quantum
              {Y}ang-{B}axter equation},
   JOURNAL = {Math. Res. Lett.},
  FJOURNAL = {Mathematical Research Letters},
    VOLUME = {7},
      YEAR = {2000},
    NUMBER = {5-6},
     PAGES = {577--596},
      ISSN = {1073-2780},
   MRCLASS = {16W35 (81R50)},
  MRNUMBER = {1809284},
MRREVIEWER = {E. J. Taft},
       DOI = {10.4310/MRL.2000.v7.n5.a4},
       URL = {https://doi.org/10.4310/MRL.2000.v7.n5.a4},
}

@incollection {MR2024436,
    AUTHOR = {Takeuchi, Mitsuhiro},
     TITLE = {Survey on matched pairs of groups---an elementary approach to
              the {ESS}-{LYZ} theory},
 BOOKTITLE = {Noncommutative geometry and quantum groups ({W}arsaw, 2001)},
    SERIES = {Banach Center Publ.},
    VOLUME = {61},
     PAGES = {305--331},
 PUBLISHER = {Polish Acad. Sci. Inst. Math., Warsaw},
      YEAR = {2003},
   MRCLASS = {16W30},
  MRNUMBER = {2024436},
MRREVIEWER = {Ian M. Musson},
       DOI = {10.4064/bc61-0-19},
       URL = {https://doi.org/10.4064/bc61-0-19},
}

@book {MR3308118,
    AUTHOR = {Bre\v{s}ar, Matej},
     TITLE = {Introduction to noncommutative algebra},
    SERIES = {Universitext},
 PUBLISHER = {Springer, Cham},
      YEAR = {2014},
     PAGES = {xxxviii+199},
      ISBN = {978-3-319-08692-7; 978-3-319-08693-4},
   MRCLASS = {16-01},
  MRNUMBER = {3308118},
MRREVIEWER = {Plamen Koshlukov},
       DOI = {10.1007/978-3-319-08693-4},
       URL = {https://doi.org/10.1007/978-3-319-08693-4},
}
@article {MR12271,
    AUTHOR = {Jacobson, N.},
     TITLE = {The radical and semi-simplicity for arbitrary rings},
   JOURNAL = {Amer. J. Math.},
  FJOURNAL = {American Journal of Mathematics},
    VOLUME = {67},
      YEAR = {1945},
     PAGES = {300--320},
      ISSN = {0002-9327},
   MRCLASS = {09.1X},
  MRNUMBER = {12271},
MRREVIEWER = {C. Chevalley},
       DOI = {10.2307/2371731},
       URL = {https://doi.org/10.2307/2371731},
}



@article {MR2164558,
    AUTHOR = {Deakonesku, M. and Uolls, G. L.},
     TITLE = {On the orbits of automorphism groups},
   JOURNAL = {Sibirsk. Mat. Zh.},
  FJOURNAL = {Rossi\u\i skaya Akademiya Nauk. Sibirskoe Otdelenie. Institut
              Matematiki im. S. L. Soboleva. Sibirski\u\i \ Matematicheski\u\i \
              Zhurnal},
    VOLUME = {46},
      YEAR = {2005},
    NUMBER = {3},
     PAGES = {533--537},
      ISSN = {0037-4474},
   MRCLASS = {20D45 (20F28)},
  MRNUMBER = {2164558},
MRREVIEWER = {Czes\AA aw Bagi\AA ski},
       DOI = {10.1007/s11202-005-0044-8},
       URL = {http://dx.doi.org/10.1007/s11202-005-0044-8},
}

@article {MR2922681,
    AUTHOR = {Isaacs, I. M.},
     TITLE = {Group actions and orbits},
   JOURNAL = {Arch. Math. (Basel)},
  FJOURNAL = {Archiv der Mathematik},
    VOLUME = {98},
      YEAR = {2012},
    NUMBER = {5},
     PAGES = {399--401},
      ISSN = {0003-889X},
   MRCLASS = {20F28 (20D60)},
  MRNUMBER = {2922681},
MRREVIEWER = {Alexander Moret\~A${}^3$},
       DOI = {10.1007/s00013-012-0364-4},
       URL = {http://dx.doi.org/10.1007/s00013-012-0364-4},
}

@book {MR1199575,
    AUTHOR = {Zelmanov, Efim},
     TITLE = {Nil rings and periodic groups},
    SERIES = {KMS Lecture Notes in Mathematics},
      NOTE = {With a preface by Jongsik Kim},
 PUBLISHER = {Korean Mathematical Society, Seoul},
      YEAR = {1992},
     PAGES = {x+79},
   MRCLASS = {16N40 (17B30 17C99 20F50)},
  MRNUMBER = {1199575},
}
@article {MR1879880,
    AUTHOR = {Smoktunowicz, Agata},
     TITLE = {On some results related to {K}\"{o}the's conjecture},
   JOURNAL = {Serdica Math. J.},
  FJOURNAL = {Serdica. Mathematical Journal. Serdika. Matematichesko
              Spisanie},
    VOLUME = {27},
      YEAR = {2001},
    NUMBER = {2},
     PAGES = {159--170},
      ISSN = {1310-6600},
   MRCLASS = {16N40},
  MRNUMBER = {1879880},
MRREVIEWER = {Miguel Ferrero},
}
@incollection {MR2275597,
    AUTHOR = {Smoktunowicz, Agata},
     TITLE = {Some results in noncommutative ring theory},
 BOOKTITLE = {International {C}ongress of {M}athematicians. {V}ol. {II}},
     PAGES = {259--269},
 PUBLISHER = {Eur. Math. Soc., Z\"{u}rich},
      YEAR = {2006},
   MRCLASS = {16-02 (16D60 16N20 16N40 16N60 16P90)},
  MRNUMBER = {2275597},
MRREVIEWER = {Jason P. Huffman},
}
@article {MR3169522,
    AUTHOR = {Nielsen, Pace P.},
     TITLE = {Simplifying {S}moktunowicz's extraordinary example},
   JOURNAL = {Comm. Algebra},
  FJOURNAL = {Communications in Algebra},
    VOLUME = {41},
      YEAR = {2013},
    NUMBER = {11},
     PAGES = {4339--4350},
      ISSN = {0092-7872},
   MRCLASS = {16N40 (16S36)},
  MRNUMBER = {3169522},
MRREVIEWER = {Francesco Catino},
       DOI = {10.1080/00927872.2012.695838},
       URL = {https://doi.org/10.1080/00927872.2012.695838},
}
@article {MR1793911,
    AUTHOR = {Smoktunowicz, Agata},
     TITLE = {Polynomial rings over nil rings need not be nil},
   JOURNAL = {J. Algebra},
  FJOURNAL = {Journal of Algebra},
    VOLUME = {233},
      YEAR = {2000},
    NUMBER = {2},
     PAGES = {427--436},
      ISSN = {0021-8693},
   MRCLASS = {16S36 (16N40)},
  MRNUMBER = {1793911},
MRREVIEWER = {J. Hausen},
       DOI = {10.1006/jabr.2000.8451},
       URL = {https://doi.org/10.1006/jabr.2000.8451},
}
@inproceedings {MR0347873,
    AUTHOR = {Amitsur, S. A.},
     TITLE = {Nil radicals. {H}istorical notes and some new results},
 BOOKTITLE = {Rings, modules and radicals ({P}roc. {I}nternat. {C}olloq.,
              {K}eszthely, 1971)},
     PAGES = {47--65. Colloq. Math. Soc. J\'{a}nos Bolyai, Vol. 6},
      YEAR = {1973},
   MRCLASS = {16A21},
  MRNUMBER = {0347873},
MRREVIEWER = {W. G. Leavitt},
       DOI = {10.1080/00031305.1972.10478958},
       URL = {https://doi.org/10.1080/00031305.1972.10478958},
}
@article {MR306251,
    AUTHOR = {Krempa, Jan},
     TITLE = {Logical connections between some open problems concerning nil
              rings},
   JOURNAL = {Fund. Math.},
  FJOURNAL = {Polska Akademia Nauk. Fundamenta Mathematicae},
    VOLUME = {76},
      YEAR = {1972},
    NUMBER = {2},
     PAGES = {121--130},
      ISSN = {0016-2736},
   MRCLASS = {16A22},
  MRNUMBER = {306251},
MRREVIEWER = {Susan Williamson},
       DOI = {10.4064/fm-76-2-121-130},
       URL = {https://doi.org/10.4064/fm-76-2-121-130},
}
@article {MR1653340,
    AUTHOR = {Etingof, Pavel and Gelaki, Shlomo},
     TITLE = {A method of construction of finite-dimensional triangular
              semisimple {H}opf algebras},
   JOURNAL = {Math. Res. Lett.},
  FJOURNAL = {Mathematical Research Letters},
    VOLUME = {5},
      YEAR = {1998},
    NUMBER = {4},
     PAGES = {551--561},
      ISSN = {1073-2780},
   MRCLASS = {16W30},
  MRNUMBER = {1653340},
MRREVIEWER = {E. J. Taft},
       DOI = {10.4310/MRL.1998.v5.n4.a12},
       URL = {https://doi.org/10.4310/MRL.1998.v5.n4.a12},
}

@article {MR1545158,
    AUTHOR = {K\"{o}the, Gottfried},
     TITLE = {Die {S}truktur der {R}inge, deren {R}estklassenring nach dem
              {R}adikal vollst\"{a}ndig reduzibel ist},
   JOURNAL = {Math. Z.},
  FJOURNAL = {Mathematische Zeitschrift},
    VOLUME = {32},
      YEAR = {1930},
    NUMBER = {1},
     PAGES = {161--186},
      ISSN = {0025-5874},
   MRCLASS = {DML},
  MRNUMBER = {1545158},
       DOI = {10.1007/BF01194626},
       URL = {https://doi.org/10.1007/BF01194626},
}

@article {MR4113853,
    AUTHOR = {Bardakov, Valeriy G. and Neshchadim, Mikhail V. and Yadav,
              Manoj K.},
     TITLE = {Computing skew left braces of small orders},
   JOURNAL = {Internat. J. Algebra Comput.},
  FJOURNAL = {International Journal of Algebra and Computation},
    VOLUME = {30},
      YEAR = {2020},
    NUMBER = {4},
     PAGES = {839--851},
      ISSN = {0218-1967},
   MRCLASS = {16T25 (20B40 81R50)},
  MRNUMBER = {4113853},
       DOI = {10.1142/S0218196720500216},
       URL = {https://doi.org/10.1142/S0218196720500216},
}
@article {MR1769723,
    AUTHOR = {Lu, Jiang-Hua and Yan, Min and Zhu, Yong-Chang},
     TITLE = {On the set-theoretical {Y}ang-{B}axter equation},
   JOURNAL = {Duke Math. J.},
  FJOURNAL = {Duke Mathematical Journal},
    VOLUME = {104},
      YEAR = {2000},
    NUMBER = {1},
     PAGES = {1--18},
      ISSN = {0012-7094},
   MRCLASS = {16W30 (57M25 81R50)},
  MRNUMBER = {1769723},
MRREVIEWER = {Sorin D\u{a}sc\u{a}lescu},
       DOI = {10.1215/S0012-7094-00-10411-5},
       URL = {https://doi.org/10.1215/S0012-7094-00-10411-5},
}

@article {MR1637256,
    AUTHOR = {Gateva-Ivanova, Tatiana and Van den Bergh, Michel},
     TITLE = {Semigroups of {$I$}-type},
   JOURNAL = {J. Algebra},
  FJOURNAL = {Journal of Algebra},
    VOLUME = {206},
      YEAR = {1998},
    NUMBER = {1},
     PAGES = {97--112},
      ISSN = {0021-8693},
   MRCLASS = {20M05},
  MRNUMBER = {1637256},
MRREVIEWER = {Kirby C. Smith},
       DOI = {10.1006/jabr.1997.7399},
       URL = {https://doi.org/10.1006/jabr.1997.7399},
}
@article {MR3177933,
    AUTHOR = {Ced\'{o}, Ferran and Jespers, Eric and Okni\'{n}ski, Jan},
     TITLE = {Braces and the {Y}ang-{B}axter equation},
   JOURNAL = {Comm. Math. Phys.},
  FJOURNAL = {Communications in Mathematical Physics},
    VOLUME = {327},
      YEAR = {2014},
    NUMBER = {1},
     PAGES = {101--116},
      ISSN = {0010-3616},
   MRCLASS = {81Q05 (16T25)},
  MRNUMBER = {3177933},
MRREVIEWER = {Gangcheng Wang},
       DOI = {10.1007/s00220-014-1935-y},
       URL = {https://doi.org/10.1007/s00220-014-1935-y},
}


@article {MR4176795,
    AUTHOR = {Jespers, Eric and Lebed, Victoria and Rump, Wolfgang and
              Vendramin, Leandro},
     TITLE = {Mini-{W}orkshop: {A}lgebraic {T}ools for {S}olving the
              {Y}ang--{B}axter {E}quation},
   JOURNAL = {Oberwolfach Rep.},
  FJOURNAL = {Oberwolfach Reports},
    VOLUME = {16},
      YEAR = {2020},
    NUMBER = {4},
     PAGES = {3207--3242},
      ISSN = {1660-8933},
   MRCLASS = {16-06 (16N20 16T05 16T25 20F36 20J06)},
  MRNUMBER = {4176795},
       DOI = {10.4171/owr/2019/51},
       URL = {https://doi.org/10.4171/owr/2019/51},
}

@incollection {MR975077,
    AUTHOR = {Brieskorn, E.},
     TITLE = {Automorphic sets and braids and singularities},
 BOOKTITLE = {Braids ({S}anta {C}ruz, {CA}, 1986)},
    SERIES = {Contemp. Math.},
    VOLUME = {78},
     PAGES = {45--115},
 PUBLISHER = {Amer. Math. Soc., Providence, RI},
      YEAR = {1988},
   MRCLASS = {32G11 (14B05 20F36 32C40)},
  MRNUMBER = {975077},
MRREVIEWER = {Mina Teicher},
       DOI = {10.1090/conm/078/975077},
       URL = {https://doi.org/10.1090/conm/078/975077},
}

@book {MR3379534,
    AUTHOR = {Elhamdadi, Mohamed and Nelson, Sam},
     TITLE = {Quandles---an introduction to the algebra of knots},
    SERIES = {Student Mathematical Library},
    VOLUME = {74},
 PUBLISHER = {American Mathematical Society, Providence, RI},
      YEAR = {2015},
     PAGES = {x+245},
      ISBN = {978-1-4704-2213-4},
   MRCLASS = {57M27 (57M25 57Q45)},
  MRNUMBER = {3379534},
MRREVIEWER = {Frederick Norwood},
       DOI = {10.1090/stml/074},
       URL = {https://doi.org/10.1090/stml/074},
}

@article {MR1994219,
    AUTHOR = {Andruskiewitsch, Nicol\'{a}s and Gra\~{n}a, Mat\'{\i}as},
     TITLE = {From racks to pointed {H}opf algebras},
   JOURNAL = {Adv. Math.},
  FJOURNAL = {Advances in Mathematics},
    VOLUME = {178},
      YEAR = {2003},
    NUMBER = {2},
     PAGES = {177--243},
      ISSN = {0001-8708},
   MRCLASS = {16W30 (17B37 57M27)},
  MRNUMBER = {1994219},
MRREVIEWER = {Ian M. Musson},
       DOI = {10.1016/S0001-8708(02)00071-3},
       URL = {https://doi.org/10.1016/S0001-8708(02)00071-3},
}
		
@article {MR3974961,
    AUTHOR = {Lebed, Victoria and Vendramin, Leandro},
     TITLE = {On structure groups of set-theoretic solutions to the
              {Y}ang-{B}axter equation},
   JOURNAL = {Proc. Edinb. Math. Soc. (2)},
  FJOURNAL = {Proceedings of the Edinburgh Mathematical Society. Series II},
    VOLUME = {62},
      YEAR = {2019},
    NUMBER = {3},
     PAGES = {683--717},
      ISSN = {0013-0915},
   MRCLASS = {16T25 (20N02)},
  MRNUMBER = {3974961},
MRREVIEWER = {Giorgi Giorrgi Rakviashvili},
       DOI = {10.1017/s0013091518000548},
       URL = {https://doi.org/10.1017/s0013091518000548},
}
		
@article {MR3558231,
    AUTHOR = {Lebed, Victoria and Vendramin, Leandro},
     TITLE = {Homology of left non-degenerate set-theoretic solutions to the
              {Y}ang-{B}axter equation},
   JOURNAL = {Adv. Math.},
  FJOURNAL = {Advances in Mathematics},
    VOLUME = {304},
      YEAR = {2017},
     PAGES = {1219--1261},
      ISSN = {0001-8708},
   MRCLASS = {16T25 (20N02 55N35 57M27)},
  MRNUMBER = {3558231},
MRREVIEWER = {Mohamed Elhamdadi},
       DOI = {10.1016/j.aim.2016.09.024},
       URL = {https://doi.org/10.1016/j.aim.2016.09.024},
}
		
@article {MR3530867,
    AUTHOR = {Lebed, Victoria and Vendramin, Leandro},
     TITLE = {Cohomology and extensions of braces},
   JOURNAL = {Pacific J. Math.},
  FJOURNAL = {Pacific Journal of Mathematics},
    VOLUME = {284},
      YEAR = {2016},
    NUMBER = {1},
     PAGES = {191--212},
      ISSN = {0030-8730},
   MRCLASS = {20J05 (16T25 16Y99 20N02)},
  MRNUMBER = {3530867},
MRREVIEWER = {Wolfgang Rump},
       DOI = {10.2140/pjm.2016.284.191},
       URL = {https://doi.org/10.2140/pjm.2016.284.191},
}
@article {MR1167178,
    AUTHOR = {Wada, Masaaki},
     TITLE = {Group invariants of links},
   JOURNAL = {Topology},
  FJOURNAL = {Topology. An International Journal of Mathematics},
    VOLUME = {31},
      YEAR = {1992},
    NUMBER = {2},
     PAGES = {399--406},
      ISSN = {0040-9383},
   MRCLASS = {57M25 (20F36)},
  MRNUMBER = {1167178},
MRREVIEWER = {J\'{o}zef H. Przytycki},
       DOI = {10.1016/0040-9383(92)90029-H},
       URL = {https://doi.org/10.1016/0040-9383(92)90029-H},
}

@article {MR3835326,
    AUTHOR = {Bachiller, David},
     TITLE = {Solutions of the {Y}ang-{B}axter equation associated to skew
              left braces, with applications to racks},
   JOURNAL = {J. Knot Theory Ramifications},
  FJOURNAL = {Journal of Knot Theory and its Ramifications},
    VOLUME = {27},
      YEAR = {2018},
    NUMBER = {8},
     PAGES = {1850055, 36},
      ISSN = {0218-2165},
   MRCLASS = {16T25 (12F10 17B37 20B05)},
  MRNUMBER = {3835326},
MRREVIEWER = {Jo\~{a}o Matheus Jury Giraldi},
       DOI = {10.1142/S0218216518500554},
       URL = {https://doi.org/10.1142/S0218216518500554},
}
@article {MR3465351,
    AUTHOR = {Bachiller, David},
     TITLE = {Counterexample to a conjecture about braces},
   JOURNAL = {J. Algebra},
  FJOURNAL = {Journal of Algebra},
    VOLUME = {453},
      YEAR = {2016},
     PAGES = {160--176},
      ISSN = {0021-8693},
   MRCLASS = {16T25 (16N20 17B30 17B60 20D15 81R50)},
  MRNUMBER = {3465351},
MRREVIEWER = {Wolfgang Rump},
       DOI = {10.1016/j.jalgebra.2016.01.011},
       URL = {https://doi.org/10.1016/j.jalgebra.2016.01.011},
}
@article {MR2486886,
    AUTHOR = {Catino, Francesco and Rizzo, Roberto},
     TITLE = {Regular subgroups of the affine group and radical circle
              algebras},
   JOURNAL = {Bull. Aust. Math. Soc.},
  FJOURNAL = {Bulletin of the Australian Mathematical Society},
    VOLUME = {79},
      YEAR = {2009},
    NUMBER = {1},
     PAGES = {103--107},
      ISSN = {0004-9727},
   MRCLASS = {20B10 (16N20)},
  MRNUMBER = {2486886},
MRREVIEWER = {Andrea Caranti},
       DOI = {10.1017/S0004972708001068},
       URL = {https://doi.org/10.1017/S0004972708001068},
}
@article {MR3861714,
    AUTHOR = {Gateva-Ivanova, Tatiana},
     TITLE = {Set-theoretic solutions of the {Y}ang-{B}axter equation,
              braces and symmetric groups},
   JOURNAL = {Adv. Math.},
  FJOURNAL = {Advances in Mathematics},
    VOLUME = {338},
      YEAR = {2018},
     PAGES = {649--701},
      ISSN = {0001-8708},
   MRCLASS = {16T25 (16S37 16W22 16W50 20B35 81R50 81R60)},
  MRNUMBER = {3861714},
MRREVIEWER = {Leandro Vendramin},
       DOI = {10.1016/j.aim.2018.09.005},
       URL = {https://doi.org/10.1016/j.aim.2018.09.005},
}
@article {MR2550134,
    AUTHOR = {Rump, Wolfgang},
     TITLE = {Addendum to ``{G}eneralized radical rings, unknotted
              biquandles, and quantum groups'' ({C}olloq. {M}ath. 109
              (2007), 85--100) [MR2308827]},
   JOURNAL = {Colloq. Math.},
  FJOURNAL = {Colloquium Mathematicum},
    VOLUME = {117},
      YEAR = {2009},
    NUMBER = {2},
     PAGES = {295--298},
      ISSN = {0010-1354},
   MRCLASS = {16T20 (16T05)},
  MRNUMBER = {2550134},
       DOI = {10.4064/cm117-2-12},
       URL = {https://doi.org/10.4064/cm117-2-12},
}
		
@article {MR4150347,
    AUTHOR = {Crespo, Teresa},
     TITLE = {Hopf {G}alois structures on field extensions of degree twice
              an odd prime square and their associated skew left braces},
   JOURNAL = {J. Algebra},
  FJOURNAL = {Journal of Algebra},
    VOLUME = {565},
      YEAR = {2021},
     PAGES = {282--308},
      ISSN = {0021-8693},
   MRCLASS = {16T05 (12F10)},
  MRNUMBER = {4150347},
       DOI = {10.1016/j.jalgebra.2020.09.005},
       URL = {https://doi.org/10.1016/j.jalgebra.2020.09.005},
}
		

@article {MR4148294,
    AUTHOR = {Bonatto, Marco and Kinyon, Michael and Stanovsk\'{y}, David and
              Vojt\v{e}chovsk\'{y}, Petr},
     TITLE = {Involutive latin solutions of the {Y}ang-{B}axter equation},
   JOURNAL = {J. Algebra},
  FJOURNAL = {Journal of Algebra},
    VOLUME = {565},
      YEAR = {2021},
     PAGES = {128--159},
      ISSN = {0021-8693},
   MRCLASS = {16T25 (20N05)},
  MRNUMBER = {4148294},
       DOI = {10.1016/j.jalgebra.2020.09.001},
       URL = {https://doi.org/10.1016/j.jalgebra.2020.09.001},
}
		

@article {MR4125548,
    AUTHOR = {Colazzo, Ilaria and Van Antwerpen, Arne},
     TITLE = {The algebraic structure of left semi-trusses},
   JOURNAL = {J. Pure Appl. Algebra},
  FJOURNAL = {Journal of Pure and Applied Algebra},
    VOLUME = {225},
      YEAR = {2021},
    NUMBER = {2},
     PAGES = {106467, 15},
      ISSN = {0022-4049},
   MRCLASS = {16Y99 (16T25 20M17)},
  MRNUMBER = {4125548},
       DOI = {10.1016/j.jpaa.2020.106467},
       URL = {https://doi.org/10.1016/j.jpaa.2020.106467},
}
		

@article {MR4122077,
    AUTHOR = {Ced\'{o}, F. and Jespers, E. and Okni\'{n}ski, J.},
     TITLE = {Every finite abelian group is a subgroup of the additive group
              of a finite simple left brace},
   JOURNAL = {J. Pure Appl. Algebra},
  FJOURNAL = {Journal of Pure and Applied Algebra},
    VOLUME = {225},
      YEAR = {2021},
    NUMBER = {1},
     PAGES = {106476, 10},
      ISSN = {0022-4049},
   MRCLASS = {16T25 (20E22 20F16)},
  MRNUMBER = {4122077},
       DOI = {10.1016/j.jpaa.2020.106476},
       URL = {https://doi.org/10.1016/j.jpaa.2020.106476},
}
		

@article {MR4163866,
    AUTHOR = {Rump, Wolfgang},
     TITLE = {One-generator braces and indecomposable set-theoretic
              solutions to the {Y}ang-{B}axter equation},
   JOURNAL = {Proc. Edinb. Math. Soc. (2)},
  FJOURNAL = {Proceedings of the Edinburgh Mathematical Society. Series II},
    VOLUME = {63},
      YEAR = {2020},
    NUMBER = {3},
     PAGES = {676--696},
      ISSN = {0013-0915},
   MRCLASS = {16T25 (17B38 17D99 81R50)},
  MRNUMBER = {4163866},
       DOI = {10.1017/s0013091520000073},
       URL = {https://doi.org/10.1017/s0013091520000073},
}
		
@article {MR4023387,
    AUTHOR = {Jespers, E. and Kubat, \L . and Van Antwerpen, A. and Vendramin,
              L.},
     TITLE = {Factorizations of skew braces},
   JOURNAL = {Math. Ann.},
  FJOURNAL = {Mathematische Annalen},
    VOLUME = {375},
      YEAR = {2019},
    NUMBER = {3-4},
     PAGES = {1649--1663},
      ISSN = {0025-5831},
   MRCLASS = {16T25 (81R50)},
  MRNUMBER = {4023387},
MRREVIEWER = {Loic Foissy},
       DOI = {10.1007/s00208-019-01909-1},
       URL = {https://doi.org/10.1007/s00208-019-01909-1},
}
@article {MR4161288,
    AUTHOR = {Ced\'{o}, Ferran and Jespers, Eric and Okni\'{n}ski, Jan},
     TITLE = {An abundance of simple left braces with abelian multiplicative
              {S}ylow subgroups},
   JOURNAL = {Rev. Mat. Iberoam.},
  FJOURNAL = {Revista Matem\'{a}tica Iberoamericana},
    VOLUME = {36},
      YEAR = {2020},
    NUMBER = {5},
     PAGES = {1309--1332},
      ISSN = {0213-2230},
   MRCLASS = {16T25 (20D10 20E22)},
  MRNUMBER = {4161288},
       DOI = {10.4171/rmi/1168},
       URL = {https://doi.org/10.4171/rmi/1168},
}
		
@article {MR3425626,
    AUTHOR = {Byott, Nigel P.},
     TITLE = {Solubility criteria for {H}opf-{G}alois structures},
   JOURNAL = {New York J. Math.},
  FJOURNAL = {New York Journal of Mathematics},
    VOLUME = {21},
      YEAR = {2015},
     PAGES = {883--903},
   MRCLASS = {12F10 (16T05 20D05)},
  MRNUMBER = {3425626},
MRREVIEWER = {Bertin Diarra},
       URL = {http://nyjm.albany.edu:8000/j/2015/21_883.html},
}

@article {MR4141382,
    AUTHOR = {Rump, Wolfgang},
     TITLE = {Classification of the affine structures of a generalized
              quaternion group of order {$\geqslant32$}},
   JOURNAL = {J. Group Theory},
  FJOURNAL = {Journal of Group Theory},
    VOLUME = {23},
      YEAR = {2020},
    NUMBER = {5},
     PAGES = {847--869},
      ISSN = {1433-5883},
   MRCLASS = {20D99 (16T25)},
  MRNUMBER = {4141382},
       DOI = {10.1515/jgth-2019-0174},
       URL = {https://doi.org/10.1515/jgth-2019-0174},
}
		

@article {MR4136750,
    AUTHOR = {Lau, Ivan},
     TITLE = {An associative left brace is a ring},
   JOURNAL = {J. Algebra Appl.},
  FJOURNAL = {Journal of Algebra and its Applications},
    VOLUME = {19},
      YEAR = {2020},
    NUMBER = {9},
     PAGES = {2050179, 6},
      ISSN = {0219-4988},
   MRCLASS = {16T25 (16N20 81R50)},
  MRNUMBER = {4136750},
       DOI = {10.1142/S0219498820501790},
       URL = {https://doi.org/10.1142/S0219498820501790},
}
		

@article {MR4130907,
    AUTHOR = {Caranti, A.},
     TITLE = {Bi-skew braces and regular subgroups of the holomorph},
   JOURNAL = {J. Algebra},
  FJOURNAL = {Journal of Algebra},
    VOLUME = {562},
      YEAR = {2020},
     PAGES = {647--665},
      ISSN = {0021-8693},
   MRCLASS = {20B35 (16T05)},
  MRNUMBER = {4130907},
       DOI = {10.1016/j.jalgebra.2020.07.006},
       URL = {https://doi.org/10.1016/j.jalgebra.2020.07.006},
}
		
@article {MR3917122,
    AUTHOR = {Catino, Francesco and Colazzo, Ilaria and Stefanelli, Paola},
     TITLE = {Skew left braces with non-trivial annihilator},
   JOURNAL = {J. Algebra Appl.},
  FJOURNAL = {Journal of Algebra and its Applications},
    VOLUME = {18},
      YEAR = {2019},
    NUMBER = {2},
     PAGES = {1950033, 23},
      ISSN = {0219-4988},
   MRCLASS = {16T25 (16N20 16Y99 20B15 20G99 81R50)},
  MRNUMBER = {3917122},
MRREVIEWER = {Loic Foissy},
       DOI = {10.1142/S0219498819500336},
       URL = {https://doi.org/10.1142/S0219498819500336},
}
@article {MR4116644,
    AUTHOR = {Rump, Wolfgang},
     TITLE = {Classification of indecomposable involutive set-theoretic
              solutions to the {Y}ang-{B}axter equation},
   JOURNAL = {Forum Math.},
  FJOURNAL = {Forum Mathematicum},
    VOLUME = {32},
      YEAR = {2020},
    NUMBER = {4},
     PAGES = {891--903},
      ISSN = {0933-7741},
   MRCLASS = {08A05 (16T25 81R50)},
  MRNUMBER = {4116644},
       DOI = {10.1515/forum-2019-0274},
       URL = {https://doi.org/10.1515/forum-2019-0274},
}
		

@article {MR4093704,
    AUTHOR = {Alabdali, Ali A. and Byott, Nigel P.},
     TITLE = {Hopf-{G}alois structures of squarefree degree},
   JOURNAL = {J. Algebra},
  FJOURNAL = {Journal of Algebra},
    VOLUME = {559},
      YEAR = {2020},
     PAGES = {58--86},
      ISSN = {0021-8693},
   MRCLASS = {12F10 (16T05)},
  MRNUMBER = {4093704},
MRREVIEWER = {Ilaria Del Corso},
       DOI = {10.1016/j.jalgebra.2020.04.019},
       URL = {https://doi.org/10.1016/j.jalgebra.2020.04.019},
}
		

@article {MR4089566,
    AUTHOR = {Campedel, E. and Caranti, A. and Del Corso, I.},
     TITLE = {Hopf-{G}alois structures on extensions of degree {$p^2q$} and
              skew braces of order {$p^2 q$}: the cyclic {S}ylow
              {$p$}-subgroup case},
   JOURNAL = {J. Algebra},
  FJOURNAL = {Journal of Algebra},
    VOLUME = {556},
      YEAR = {2020},
     PAGES = {1165--1210},
      ISSN = {0021-8693},
   MRCLASS = {12F10 (16T05 20B35 20D45)},
  MRNUMBER = {4089566},
       DOI = {10.1016/j.jalgebra.2020.04.009},
       URL = {https://doi.org/10.1016/j.jalgebra.2020.04.009},
}

@article {MR1178147,
    AUTHOR = {Weinstein, Alan and Xu, Ping},
     TITLE = {Classical solutions of the quantum {Y}ang-{B}axter equation},
   JOURNAL = {Comm. Math. Phys.},
  FJOURNAL = {Communications in Mathematical Physics},
    VOLUME = {148},
      YEAR = {1992},
    NUMBER = {2},
     PAGES = {309--343},
      ISSN = {0010-3616},
   MRCLASS = {58F05 (16S80 16W30 58H05 81R50 81S10)},
  MRNUMBER = {1178147},
MRREVIEWER = {Johannes Huebschmann},
       URL = {http://projecteuclid.org/euclid.cmp/1104250952},
}
		
@article {MR3647970,
    AUTHOR = {Guarnieri, L. and Vendramin, L.},
     TITLE = {Skew braces and the {Y}ang-{B}axter equation},
   JOURNAL = {Math. Comp.},
  FJOURNAL = {Mathematics of Computation},
    VOLUME = {86},
      YEAR = {2017},
    NUMBER = {307},
     PAGES = {2519--2534},
      ISSN = {0025-5718},
   MRCLASS = {16T25 (81R50)},
  MRNUMBER = {3647970},
MRREVIEWER = {Paola Stefanelli},
       DOI = {10.1090/mcom/3161},
       URL = {https://doi.org/10.1090/mcom/3161},
}
	
@article {MR4088453,
    AUTHOR = {Rump, Wolfgang},
     TITLE = {Affine structures of decomposable solvable groups},
   JOURNAL = {J. Algebra},
  FJOURNAL = {Journal of Algebra},
    VOLUME = {556},
      YEAR = {2020},
     PAGES = {725--749},
      ISSN = {0021-8693},
   MRCLASS = {16T25 (08A05 17B38 20E22 81R50)},
  MRNUMBER = {4088453},
       DOI = {10.1016/j.jalgebra.2020.04.004},
       URL = {https://doi.org/10.1016/j.jalgebra.2020.04.004},
}
		

@article {MR4085769,
    AUTHOR = {Castelli, M. and Pinto, G. and Rump, W.},
     TITLE = {On the indecomposable involutive set-theoretic solutions of
              the {Y}ang-{B}axter equation of prime-power size},
   JOURNAL = {Comm. Algebra},
  FJOURNAL = {Communications in Algebra},
    VOLUME = {48},
      YEAR = {2020},
    NUMBER = {5},
     PAGES = {1941--1955},
      ISSN = {0092-7872},
   MRCLASS = {16T25},
  MRNUMBER = {4085769},
       DOI = {10.1080/00927872.2019.1710163},
       URL = {https://doi.org/10.1080/00927872.2019.1710163},
}
		

@article {MR4085764,
    AUTHOR = {Acri, E. and Bonatto, M.},
     TITLE = {Skew braces of size {$pq$}},
   JOURNAL = {Comm. Algebra},
  FJOURNAL = {Communications in Algebra},
    VOLUME = {48},
      YEAR = {2020},
    NUMBER = {5},
     PAGES = {1872--1881},
      ISSN = {0092-7872},
   MRCLASS = {16T25},
  MRNUMBER = {4085764},
       DOI = {10.1080/00927872.2019.1709480},
       URL = {https://doi.org/10.1080/00927872.2019.1709480},
}
		

@article {MR4082425,
    AUTHOR = {Jedli\v{c}ka, P\v{r}emysl and Pilitowska, Agata and Zamojska-Dzienio,
              Anna},
     TITLE = {Distributive biracks and solutions of the {Y}ang-{B}axter
              equation},
   JOURNAL = {Internat. J. Algebra Comput.},
  FJOURNAL = {International Journal of Algebra and Computation},
    VOLUME = {30},
      YEAR = {2020},
    NUMBER = {3},
     PAGES = {667--683},
      ISSN = {0218-1967},
   MRCLASS = {16T25 (08A30 20B35 20F18)},
  MRNUMBER = {4082425},
MRREVIEWER = {V. A. Artamonov},
       DOI = {10.1142/S0218196720500150},
       URL = {https://doi.org/10.1142/S0218196720500150},
}
		

@article {MR4074571,
    AUTHOR = {Rump, Wolfgang},
     TITLE = {L-algebras with duality and the structure group of a
              set-theoretic solution to the {Y}ang-{B}axter equation},
   JOURNAL = {J. Pure Appl. Algebra},
  FJOURNAL = {Journal of Pure and Applied Algebra},
    VOLUME = {224},
      YEAR = {2020},
    NUMBER = {8},
     PAGES = {106314, 12},
      ISSN = {0022-4049},
   MRCLASS = {16T25 (06F15 08A05 81P10)},
  MRNUMBER = {4074571},
       DOI = {10.1016/j.jpaa.2020.106314},
       URL = {https://doi.org/10.1016/j.jpaa.2020.106314},
}
		

@article {MR4067191,
    AUTHOR = {Catino, Francesco and Colazzo, Ilaria and Stefanelli, Paola},
     TITLE = {The matched product of the solutions to the {Y}ang-{B}axter
              equation of finite order},
   JOURNAL = {Mediterr. J. Math.},
  FJOURNAL = {Mediterranean Journal of Mathematics},
    VOLUME = {17},
      YEAR = {2020},
    NUMBER = {2},
     PAGES = {Paper No. 58, 22},
      ISSN = {1660-5446},
   MRCLASS = {16T25 (16N20 16Y99 81R50)},
  MRNUMBER = {4067191},
       DOI = {10.1007/s00009-020-1483-y},
       URL = {https://doi.org/10.1007/s00009-020-1483-y},
}
		

@article {MR4062375,
    AUTHOR = {Acri, E. and Lutowski, R. and Vendramin, L.},
     TITLE = {Retractability of solutions to the {Y}ang-{B}axter equation
              and {$p$}-nilpotency of skew braces},
   JOURNAL = {Internat. J. Algebra Comput.},
  FJOURNAL = {International Journal of Algebra and Computation},
    VOLUME = {30},
      YEAR = {2020},
    NUMBER = {1},
     PAGES = {91--115},
      ISSN = {0218-1967},
   MRCLASS = {16T25},
  MRNUMBER = {4062375},
       DOI = {10.1142/S0218196719500656},
       URL = {https://doi.org/10.1142/S0218196719500656},
}
		
@article {MR2308827,
    AUTHOR = {Rump, Wolfgang},
     TITLE = {Generalized radical rings, unknotted biquandles, and quantum
              groups},
   JOURNAL = {Colloq. Math.},
  FJOURNAL = {Colloquium Mathematicum},
    VOLUME = {109},
      YEAR = {2007},
    NUMBER = {1},
     PAGES = {85--100},
      ISSN = {0010-1354},
   MRCLASS = {16W35 (16W30)},
  MRNUMBER = {2308827},
MRREVIEWER = {Mitsuhiro Takeuchi},
       DOI = {10.4064/cm109-1-7},
       URL = {https://doi.org/10.4064/cm109-1-7},
}
		

@article {MR2278047,
    AUTHOR = {Rump, Wolfgang},
     TITLE = {Braces, radical rings, and the quantum {Y}ang-{B}axter
              equation},
   JOURNAL = {J. Algebra},
  FJOURNAL = {Journal of Algebra},
    VOLUME = {307},
      YEAR = {2007},
    NUMBER = {1},
     PAGES = {153--170},
      ISSN = {0021-8693},
   MRCLASS = {16Y99 (16W30)},
  MRNUMBER = {2278047},
MRREVIEWER = {Gigel Militaru},
       DOI = {10.1016/j.jalgebra.2006.03.040},
       URL = {https://doi.org/10.1016/j.jalgebra.2006.03.040},
}
		
@article{MR2132760,
    AUTHOR = {Rump, Wolfgang},
     TITLE = {A decomposition theorem for square-free unitary solutions of
              the quantum {Y}ang-{B}axter equation},
   JOURNAL = {Adv. Math.},
  FJOURNAL = {Advances in Mathematics},
    VOLUME = {193},
      YEAR = {2005},
    NUMBER = {1},
     PAGES = {40--55},
      ISSN = {0001-8708},
     CODEN = {ADMTA4},
   MRCLASS = {81R50 (16W35 81R12)},
  MRNUMBER = {2132760 (2005k:81132)},
MRREVIEWER = {Mitsuhiro Takeuchi},
       DOI = {10.1016/j.aim.2004.03.019},
       URL = {http://dx.doi.org/10.1016/j.aim.2004.03.019},
}

@article {MR1722951,
    AUTHOR = {Etingof, Pavel and Schedler, Travis and Soloviev, Alexandre},
     TITLE = {Set-theoretical solutions to the quantum {Y}ang-{B}axter
              equation},
   JOURNAL = {Duke Math. J.},
  FJOURNAL = {Duke Mathematical Journal},
    VOLUME = {100},
      YEAR = {1999},
    NUMBER = {2},
     PAGES = {169--209},
      ISSN = {0012-7094},
     CODEN = {DUMJAO},
   MRCLASS = {16W35 (81R50)},
  MRNUMBER = {1722951 (2001c:16076)},
MRREVIEWER = {E. J. Taft},
       DOI = {10.1215/S0012-7094-99-10007-X},
       URL = {http://dx.doi.org/10.1215/S0012-7094-99-10007-X},
}

@article {MR4077413,
    AUTHOR = {Tsang, Cindy and Qin, Chao},
     TITLE = {On the solvability of regular subgroups in the holomorph of a
              finite solvable group},
   JOURNAL = {Internat. J. Algebra Comput.},
  FJOURNAL = {International Journal of Algebra and Computation},
    VOLUME = {30},
      YEAR = {2020},
    NUMBER = {2},
     PAGES = {253--265},
      ISSN = {0218-1967},
   MRCLASS = {20B35 (20D05 20D10 20F16)},
  MRNUMBER = {4077413},
       DOI = {10.1142/S0218196719500735},
       URL = {https://doi.org/10.1142/S0218196719500735},
}

@manual{GAP4,
    key          = "GAP",
    organization = "The GAP~Group",
    title        = "{GAP -- Groups, Algorithms, and Programming,
                    Version 4.11.1}",
    year         = 2021,
    url          = "\url{https://www.gap-system.org}",
}

@book {MR1211633,
    AUTHOR = {Amberg, Bernhard and Franciosi, Silvana and de Giovanni,
              Francesco},
     TITLE = {Products of groups},
    SERIES = {Oxford Mathematical Monographs},
      NOTE = {Oxford Science Publications},
 PUBLISHER = {The Clarendon Press, Oxford University Press, New York},
      YEAR = {1992},
     PAGES = {xii+220},
      ISBN = {0-19-853575-9},
   MRCLASS = {20-02 (20D40 20E15 20F16 20F19)},
  MRNUMBER = {1211633},
MRREVIEWER = {John S. Wilson},
}

@article {MR2442072,
    AUTHOR = {Rump, Wolfgang},
     TITLE = {Semidirect products in algebraic logic and solutions of the
              quantum {Y}ang-{B}axter equation},
   JOURNAL = {J. Algebra Appl.},
  FJOURNAL = {Journal of Algebra and its Applications},
    VOLUME = {7},
      YEAR = {2008},
    NUMBER = {4},
     PAGES = {471--490},
      ISSN = {0219-4988},
   MRCLASS = {81R50 (06F35 81R12)},
  MRNUMBER = {2442072},
MRREVIEWER = {Chengming Bai},
       DOI = {10.1142/S0219498808002904},
       URL = {https://doi.org/10.1142/S0219498808002904},
}

@article {MR2885602,
    AUTHOR = {Gateva-Ivanova, Tatiana and Cameron, Peter},
     TITLE = {Multipermutation solutions of the {Y}ang-{B}axter equation},
   JOURNAL = {Comm. Math. Phys.},
  FJOURNAL = {Communications in Mathematical Physics},
    VOLUME = {309},
      YEAR = {2012},
    NUMBER = {3},
     PAGES = {583--621},
      ISSN = {0010-3616},
   MRCLASS = {16T25},
  MRNUMBER = {2885602},
       DOI = {10.1007/s00220-011-1394-7},
       URL = {https://doi.org/10.1007/s00220-011-1394-7},
}
@article {MR2776789,
    AUTHOR = {Gateva-Ivanova, Tatiana and Majid, Shahn},
     TITLE = {Quantum spaces associated to multipermutation solutions of
              level two},
   JOURNAL = {Algebr. Represent. Theory},
  FJOURNAL = {Algebras and Representation Theory},
    VOLUME = {14},
      YEAR = {2011},
    NUMBER = {2},
     PAGES = {341--376},
      ISSN = {1386-923X},
   MRCLASS = {16T25 (16S36 16W50)},
  MRNUMBER = {2776789},
MRREVIEWER = {Kenneth A. Brown},
       DOI = {10.1007/s10468-009-9192-z},
       URL = {https://doi.org/10.1007/s10468-009-9192-z},
}

@article {MR3719300,
    AUTHOR = {Bachiller, David and Ced\'{o}, Ferran and Jespers, Eric and
              Okni\'{n}ski, Jan},
     TITLE = {A family of irretractable square-free solutions of the
              {Y}ang-{B}axter equation},
   JOURNAL = {Forum Math.},
  FJOURNAL = {Forum Mathematicum},
    VOLUME = {29},
      YEAR = {2017},
    NUMBER = {6},
     PAGES = {1291--1306},
      ISSN = {0933-7741},
   MRCLASS = {16T25 (20E22 20F16)},
  MRNUMBER = {3719300},
MRREVIEWER = {Ilaria Colazzo},
       DOI = {10.1515/forum-2015-0240},
       URL = {https://doi.org/10.1515/forum-2015-0240},
}

@article {MR2906433,
    AUTHOR = {Przytycki, J\'{o}zef H.},
     TITLE = {Distributivity versus associativity in the homology theory of
              algebraic structures},
   JOURNAL = {Demonstratio Math.},
  FJOURNAL = {Demonstratio Mathematica},
    VOLUME = {44},
      YEAR = {2011},
    NUMBER = {4},
     PAGES = {823--869},
      ISSN = {0420-1213},
   MRCLASS = {55N35 (18G60 57M25)},
  MRNUMBER = {2906433},
MRREVIEWER = {Seiichi Kamada},
}

@article {MR3765444,
    AUTHOR = {Smoktunowicz, Agata},
     TITLE = {A note on set-theoretic solutions of the {Y}ang-{B}axter
              equation},
   JOURNAL = {J. Algebra},
  FJOURNAL = {Journal of Algebra},
    VOLUME = {500},
      YEAR = {2018},
     PAGES = {3--18},
      ISSN = {0021-8693},
   MRCLASS = {16T25 (16N20 16N80 20D15)},
  MRNUMBER = {3765444},
MRREVIEWER = {Leandro Vendramin},
       DOI = {10.1016/j.jalgebra.2016.04.015},
       URL = {https://doi.org/10.1016/j.jalgebra.2016.04.015},
}

@article {MR3815290,
    AUTHOR = {Bachiller, D. and Ced\'{o}, F. and Vendramin, L.},
     TITLE = {A characterization of finite multipermutation solutions of the
              {Y}ang-{B}axter equation},
   JOURNAL = {Publ. Mat.},
  FJOURNAL = {Publicacions Matem\`atiques},
    VOLUME = {62},
      YEAR = {2018},
    NUMBER = {2},
     PAGES = {641--649},
      ISSN = {0214-1493},
   MRCLASS = {16T25 (20F16 20F60)},
  MRNUMBER = {3815290},
MRREVIEWER = {Paola Stefanelli},
       DOI = {10.5565/PUBLMAT6221809},
       URL = {https://doi.org/10.5565/PUBLMAT6221809},
}

@article {MR3291816,
    AUTHOR = {Rump, Wolfgang},
     TITLE = {The brace of a classical group},
   JOURNAL = {Note Mat.},
  FJOURNAL = {Note di Matematica},
    VOLUME = {34},
      YEAR = {2014},
    NUMBER = {1},
     PAGES = {115--144},
      ISSN = {1123-2536},
   MRCLASS = {16Y99 (16T25 17A30 17B20)},
  MRNUMBER = {3291816},
}

@article {MR3763907,
    AUTHOR = {Smoktunowicz, Agata and Vendramin, Leandro},
     TITLE = {On skew braces (with an appendix by {N}. {B}yott and {L}.
              {V}endramin)},
   JOURNAL = {J. Comb. Algebra},
  FJOURNAL = {Journal of Combinatorial Algebra},
    VOLUME = {2},
      YEAR = {2018},
    NUMBER = {1},
     PAGES = {47--86},
      ISSN = {2415-6302},
   MRCLASS = {16T25 (81R50)},
  MRNUMBER = {3763907},
MRREVIEWER = {Thomas Gu\'{e}d\'{e}non},
       DOI = {10.4171/JCA/2-1-3},
       URL = {https://doi.org/10.4171/JCA/2-1-3},
}

@article {MR3818285,
    AUTHOR = {Ced\'{o}, Ferran and Gateva-Ivanova, Tatiana and Smoktunowicz,
              Agata},
     TITLE = {Braces and symmetric groups with special conditions},
   JOURNAL = {J. Pure Appl. Algebra},
  FJOURNAL = {Journal of Pure and Applied Algebra},
    VOLUME = {222},
      YEAR = {2018},
    NUMBER = {12},
     PAGES = {3877--3890},
      ISSN = {0022-4049},
   MRCLASS = {16T25 (16N20 16N40 16W22 20F16 81R50)},
  MRNUMBER = {3818285},
MRREVIEWER = {Leandro Vendramin},
       DOI = {10.1016/j.jpaa.2018.02.012},
       URL = {https://doi.org/10.1016/j.jpaa.2018.02.012},
}

@book {MR2301033,
    AUTHOR = {Jespers, Eric and Okni\'{n}ski, Jan},
     TITLE = {Noetherian semigroup algebras},
    SERIES = {Algebra and Applications},
    VOLUME = {7},
 PUBLISHER = {Springer, Dordrecht},
      YEAR = {2007},
     PAGES = {x+361},
      ISBN = {978-1-4020-5809-7; 1-4020-5809-8},
   MRCLASS = {16-02 (16S36 20M25)},
  MRNUMBER = {2301033},
MRREVIEWER = {Henry E. Heatherly},
}

@article {MR3572046,
    AUTHOR = {Chouraqui, Fabienne},
     TITLE = {Left orders in {G}arside groups},
   JOURNAL = {Internat. J. Algebra Comput.},
  FJOURNAL = {International Journal of Algebra and Computation},
    VOLUME = {26},
      YEAR = {2016},
    NUMBER = {7},
     PAGES = {1349--1359},
      ISSN = {0218-1967},
   MRCLASS = {16T25 (20F60)},
  MRNUMBER = {3572046},
MRREVIEWER = {Wolfgang Rump},
       DOI = {10.1142/S0218196716500570},
       URL = {https://doi.org/10.1142/S0218196716500570},
}
		
@article {MR3190423,
    AUTHOR = {Chouraqui, Fabienne and Godelle, Eddy},
     TITLE = {Finite quotients of groups of {I}-type},
   JOURNAL = {Adv. Math.},
  FJOURNAL = {Advances in Mathematics},
    VOLUME = {258},
      YEAR = {2014},
     PAGES = {46--68},
      ISSN = {0001-8708},
   MRCLASS = {20F36 (16T25)},
  MRNUMBER = {3190423},
MRREVIEWER = {Malte Gerhold},
       DOI = {10.1016/j.aim.2014.02.009},
       URL = {https://doi.org/10.1016/j.aim.2014.02.009},
}
		
@article {MR2994025,
    AUTHOR = {Chouraqui, Fabienne and Godelle, Eddy},
     TITLE = {Folding of set-theoretical solutions of the {Y}ang-{B}axter
              equation},
   JOURNAL = {Algebr. Represent. Theory},
  FJOURNAL = {Algebras and Representation Theory},
    VOLUME = {15},
      YEAR = {2012},
    NUMBER = {6},
     PAGES = {1277--1290},
      ISSN = {1386-923X},
   MRCLASS = {16T25 (20F05 20F36)},
  MRNUMBER = {2994025},
MRREVIEWER = {Malte Gerhold},
       DOI = {10.1007/s10468-011-9288-0},
       URL = {https://doi.org/10.1007/s10468-011-9288-0},
}
		
@article {MR2764830,
    AUTHOR = {Chouraqui, Fabienne},
     TITLE = {Garside groups and {Y}ang-{B}axter equation},
   JOURNAL = {Comm. Algebra},
  FJOURNAL = {Communications in Algebra},
    VOLUME = {38},
      YEAR = {2010},
    NUMBER = {12},
     PAGES = {4441--4460},
      ISSN = {0092-7872},
   MRCLASS = {16T25 (20F05 20F36)},
  MRNUMBER = {2764830},
MRREVIEWER = {Volker Gebhardt},
       DOI = {10.1080/00927870903386502},
       URL = {https://doi.org/10.1080/00927870903386502},
}

@article {MR3118951,
    AUTHOR = {Blackburn, Simon R.},
     TITLE = {Enumerating finite racks, quandles and kei},
   JOURNAL = {Electron. J. Combin.},
  FJOURNAL = {Electronic Journal of Combinatorics},
    VOLUME = {20},
      YEAR = {2013},
    NUMBER = {3},
     PAGES = {Paper 43, 9},
   MRCLASS = {57M27 (05A16 20N02)},
  MRNUMBER = {3118951},
MRREVIEWER = {David Stanovsk\'{y}},
}


@article {MR261870,
    AUTHOR = {Yang, C. N.},
     TITLE = {Some exact results for the many-body problem in one dimension
              with repulsive delta-function interaction},
   JOURNAL = {Phys. Rev. Lett.},
  FJOURNAL = {Physical Review Letters},
    VOLUME = {19},
      YEAR = {1967},
     PAGES = {1312--1315},
      ISSN = {0031-9007},
   MRCLASS = {81.20},
  MRNUMBER = {261870},
MRREVIEWER = {S. Deser},
       DOI = {10.1103/PhysRevLett.19.1312},
       URL = {https://doi.org/10.1103/PhysRevLett.19.1312},
}

@article {MR290733,
    AUTHOR = {Baxter, Rodney J.},
     TITLE = {Partition function of the eight-vertex lattice model},
   JOURNAL = {Ann. Physics},
  FJOURNAL = {Annals of Physics},
    VOLUME = {70},
      YEAR = {1972},
     PAGES = {193--228},
      ISSN = {0003-4916},
   MRCLASS = {82.46},
  MRNUMBER = {290733},
MRREVIEWER = {S. Sherman},
       DOI = {10.1016/0003-4916(72)90335-1},
       URL = {https://doi.org/10.1016/0003-4916(72)90335-1},
}

@incollection {MR1484478,
    AUTHOR = {Bosma, Wieb and Cannon, John and Playoust, Catherine},
     TITLE = {The {M}agma algebra system. {I}. {T}he user language},
      NOTE = {Computational algebra and number theory (London, 1993)},
   JOURNAL = {J. Symbolic Comput.},
  FJOURNAL = {Journal of Symbolic Computation},
    VOLUME = {24},
      YEAR = {1997},
    NUMBER = {3-4},
     PAGES = {235--265},
      ISSN = {0747-7171},
   MRCLASS = {68Q40},
  MRNUMBER = {1484478},
       DOI = {10.1006/jsco.1996.0125},
       URL = {https://doi.org/10.1006/jsco.1996.0125},
}

@article {MR3904151,
    AUTHOR = {Hoste, Jim and Shanahan, Patrick D.},
     TITLE = {An enumeration process for racks},
   JOURNAL = {Math. Comp.},
  FJOURNAL = {Mathematics of Computation},
    VOLUME = {88},
      YEAR = {2019},
    NUMBER = {317},
     PAGES = {1427--1448},
      ISSN = {0025-5718},
   MRCLASS = {57M27 (20N02)},
  MRNUMBER = {3904151},
MRREVIEWER = {Zhiyun Cheng},
       DOI = {10.1090/mcom/3374},
       URL = {https://doi.org/10.1090/mcom/3374},
}

@article {MR3665565,
    AUTHOR = {Ashford, Matthew and Riordan, Oliver},
     TITLE = {Counting racks of order {$n$}},
   JOURNAL = {Electron. J. Combin.},
  FJOURNAL = {Electronic Journal of Combinatorics},
    VOLUME = {24},
      YEAR = {2017},
    NUMBER = {2},
     PAGES = {Paper No. 2.32, 20},
   MRCLASS = {05A16 (05C25 20N02)},
  MRNUMBER = {3665565},
MRREVIEWER = {A. Joseph Kennedy},
       DOI = {10.37236/6330},
       URL = {https://doi.org/10.37236/6330},
}

@article {MR3957904,
    AUTHOR = {Vojt\v{e}chovsk\'{y}, Petr and Yang, Seung Yeop},
     TITLE = {Enumeration of racks and quandles up to isomorphism},
   JOURNAL = {Math. Comp.},
  FJOURNAL = {Mathematics of Computation},
    VOLUME = {88},
      YEAR = {2019},
    NUMBER = {319},
     PAGES = {2523--2540},
      ISSN = {0025-5718},
   MRCLASS = {20N02 (16T25 57M27)},
  MRNUMBER = {3957904},
MRREVIEWER = {David Stanovsk\'{y}},
       DOI = {10.1090/mcom/3409},
       URL = {https://doi.org/10.1090/mcom/3409},
}

@article {MR3320237,
    AUTHOR = {Bachiller, David},
     TITLE = {Classification of braces of order {$p^3$}},
   JOURNAL = {J. Pure Appl. Algebra},
  FJOURNAL = {Journal of Pure and Applied Algebra},
    VOLUME = {219},
      YEAR = {2015},
    NUMBER = {8},
     PAGES = {3568--3603},
      ISSN = {0022-4049},
   MRCLASS = {81Q05 (16T25)},
  MRNUMBER = {3320237},
MRREVIEWER = {Theo Johnson-Freyd},
       DOI = {10.1016/j.jpaa.2014.12.013},
       URL = {https://doi.org/10.1016/j.jpaa.2014.12.013},
}

@article {MR3030514,
    AUTHOR = {Byott, Nigel P.},
     TITLE = {Nilpotent and abelian {H}opf-{G}alois structures on field
              extensions},
   JOURNAL = {J. Algebra},
  FJOURNAL = {Journal of Algebra},
    VOLUME = {381},
      YEAR = {2013},
     PAGES = {131--139},
      ISSN = {0021-8693},
   MRCLASS = {12F10 (16T05)},
  MRNUMBER = {3030514},
MRREVIEWER = {Akira Masuoka},
       DOI = {10.1016/j.jalgebra.2013.02.008},
       URL = {https://doi.org/10.1016/j.jalgebra.2013.02.008},
}

@article {MR3374524,
    AUTHOR = {Dehornoy, Patrick},
     TITLE = {Set-theoretic solutions of the {Y}ang-{B}axter equation,
              {RC}-calculus, and {G}arside germs},
   JOURNAL = {Adv. Math.},
  FJOURNAL = {Advances in Mathematics},
    VOLUME = {282},
      YEAR = {2015},
     PAGES = {93--127},
      ISSN = {0001-8708},
   MRCLASS = {20F38 (06F05 16T25 20F55 20N02)},
  MRNUMBER = {3374524},
MRREVIEWER = {Wolfgang Rump},
       DOI = {10.1016/j.aim.2015.05.008},
       URL = {https://doi.org/10.1016/j.aim.2015.05.008},
}
		
@book {MR3362691,
    AUTHOR = {Dehornoy, Patrick and Digne, Fran\c{c}ois and Godelle, Eddy and
              Krammer, Daan and Michel, Jean},
     TITLE = {Foundations of {G}arside theory},
    SERIES = {EMS Tracts in Mathematics},
    VOLUME = {22},
      NOTE = {Author name on title page: Daan Kramer},
 PUBLISHER = {European Mathematical Society (EMS), Z\"{u}rich},
      YEAR = {2015},
     PAGES = {xviii+691},
      ISBN = {978-3-03719-139-2},
   MRCLASS = {20Mxx (06F15 20F36 68Q42 68Q45)},
  MRNUMBER = {3362691},
MRREVIEWER = {Volker Gebhardt},
       DOI = {10.4171/139},
       URL = {https://doi.org/10.4171/139},
}

@article {MR3824447,
    AUTHOR = {Ced\'{o}, Ferran},
     TITLE = {Left braces: solutions of the {Y}ang-{B}axter equation},
   JOURNAL = {Adv. Group Theory Appl.},
  FJOURNAL = {Advances in Group Theory and Applications},
    VOLUME = {5},
      YEAR = {2018},
     PAGES = {33--90},
   MRCLASS = {16N20 (16T25 20E22 20F16 20F18 20F28 20M10 81R50)},
  MRNUMBER = {3824447},
MRREVIEWER = {Paola Stefanelli},
       DOI = {10.4399/97888255161422},
       URL = {https://doi.org/10.4399/97888255161422},
}

@article {MR3814340,
    AUTHOR = {Smoktunowicz, Agata},
     TITLE = {On {E}ngel groups, nilpotent groups, rings, braces and the
              {Y}ang-{B}axter equation},
   JOURNAL = {Trans. Amer. Math. Soc.},
  FJOURNAL = {Transactions of the American Mathematical Society},
    VOLUME = {370},
      YEAR = {2018},
    NUMBER = {9},
     PAGES = {6535--6564},
      ISSN = {0002-9947},
   MRCLASS = {16N80 (16N40 16P90 16T20 16T25 20F45 81R50)},
  MRNUMBER = {3814340},
MRREVIEWER = {Leandro Vendramin},
       DOI = {10.1090/tran/7179},
       URL = {https://doi.org/10.1090/tran/7179},
}

@article {MR3957824,
    AUTHOR = {Ced\'{o}, Ferran and Smoktunowicz, Agata and Vendramin, Leandro},
     TITLE = {Skew left braces of nilpotent type},
   JOURNAL = {Proc. Lond. Math. Soc. (3)},
  FJOURNAL = {Proceedings of the London Mathematical Society. Third Series},
    VOLUME = {118},
      YEAR = {2019},
    NUMBER = {6},
     PAGES = {1367--1392},
      ISSN = {0024-6115},
   MRCLASS = {16T25 (81R50 82B10)},
  MRNUMBER = {3957824},
MRREVIEWER = {Paola Stefanelli},
       DOI = {10.1112/plms.12209},
       URL = {https://doi.org/10.1112/plms.12209},
}

@book {MR1357169,
    AUTHOR = {Robinson, Derek J. S.},
     TITLE = {A course in the theory of groups},
    SERIES = {Graduate Texts in Mathematics},
    VOLUME = {80},
   EDITION = {Second},
 PUBLISHER = {Springer-Verlag, New York},
      YEAR = {1996},
     PAGES = {xviii+499},
      ISBN = {0-387-94461-3},
   MRCLASS = {20-01},
  MRNUMBER = {1357169},
       DOI = {10.1007/978-1-4419-8594-1},
       URL = {https://doi.org/10.1007/978-1-4419-8594-1},
}

@article {MR3935814,
    AUTHOR = {Meng, H. and Ballester-Bolinches, A. and Esteban-Romero, R.},
     TITLE = {Left braces and the quantum {Y}ang-{B}axter equation},
   JOURNAL = {Proc. Edinb. Math. Soc. (2)},
  FJOURNAL = {Proceedings of the Edinburgh Mathematical Society. Series II},
    VOLUME = {62},
      YEAR = {2019},
    NUMBER = {2},
     PAGES = {595--608},
      ISSN = {0013-0915},
   MRCLASS = {16T25 (20F16)},
  MRNUMBER = {3935814},
MRREVIEWER = {Bertin Diarra},
       DOI = {10.1017/s0013091518000664},
       URL = {https://doi.org/10.1017/s0013091518000664},
}

@incollection {MR1183474,
    AUTHOR = {Drinfel{\cprime}d, V. G.},
     TITLE = {On some unsolved problems in quantum group theory},
 BOOKTITLE = {Quantum groups ({L}eningrad, 1990)},
    SERIES = {Lecture Notes in Math.},
    VOLUME = {1510},
     PAGES = {1--8},
 PUBLISHER = {Springer, Berlin},
      YEAR = {1992},
   MRCLASS = {17B37 (16W30 81R50)},
  MRNUMBER = {1183474 (94a:17006)},
MRREVIEWER = {Yvette Kosmann-Schwarzbach},
       DOI = {10.1007/BFb0101175},
       URL = {http://dx.doi.org/10.1007/BFb0101175},
}

@article {MR940281,
    AUTHOR = {Promislow, S. David},
     TITLE = {A simple example of a torsion-free, nonunique product group},
   JOURNAL = {Bull. London Math. Soc.},
  FJOURNAL = {The Bulletin of the London Mathematical Society},
    VOLUME = {20},
      YEAR = {1988},
    NUMBER = {4},
     PAGES = {302--304},
      ISSN = {0024-6093},
   MRCLASS = {20F05 (20C07)},
  MRNUMBER = {940281},
MRREVIEWER = {Stephen J. Pride},
       DOI = {10.1112/blms/20.4.302},
       URL = {https://doi.org/10.1112/blms/20.4.302},
}

@book {MR3560661,
    AUTHOR = {Clay, Adam and Rolfsen, Dale},
     TITLE = {Ordered groups and topology},
    SERIES = {Graduate Studies in Mathematics},
    VOLUME = {176},
 PUBLISHER = {American Mathematical Society, Providence, RI},
      YEAR = {2016},
     PAGES = {x+154},
      ISBN = {978-1-4704-3106-8},
   MRCLASS = {57-02 (20F34 20F36 20F60 57M07 57M50)},
  MRNUMBER = {3560661},
MRREVIEWER = {Sebastian Wolfgang Hensel},
       DOI = {10.1090/gsm/176},
       URL = {https://doi.org/10.1090/gsm/176},
}

@book {MR2426855,
    AUTHOR = {Isaacs, I. Martin},
     TITLE = {Finite group theory},
    SERIES = {Graduate Studies in Mathematics},
    VOLUME = {92},
 PUBLISHER = {American Mathematical Society, Providence, RI},
      YEAR = {2008},
     PAGES = {xii+350},
      ISBN = {978-0-8218-4344-4},
   MRCLASS = {20Dxx (20-01)},
  MRNUMBER = {2426855},
MRREVIEWER = {Ronald Solomon},
       DOI = {10.1090/gsm/092},
       URL = {https://doi.org/10.1090/gsm/092},
}

@article {MR2095675,
    AUTHOR = {Gateva-Ivanova, Tatiana},
     TITLE = {A combinatorial approach to the set-theoretic solutions of the
              {Y}ang-{B}axter equation},
   JOURNAL = {J. Math. Phys.},
  FJOURNAL = {Journal of Mathematical Physics},
    VOLUME = {45},
      YEAR = {2004},
    NUMBER = {10},
     PAGES = {3828--3858},
      ISSN = {0022-2488},
   MRCLASS = {16W35 (05E05)},
  MRNUMBER = {2095675},
MRREVIEWER = {Gigel Militaru},
       DOI = {10.1063/1.1788848},
       URL = {https://doi.org/10.1063/1.1788848},
}

@article {MR2652212,
    AUTHOR = {Ced\'{o}, Ferran and Jespers, Eric and Okni\'{n}ski, Jan},
     TITLE = {Retractability of set theoretic solutions of the
              {Y}ang-{B}axter equation},
   JOURNAL = {Adv. Math.},
  FJOURNAL = {Advances in Mathematics},
    VOLUME = {224},
      YEAR = {2010},
    NUMBER = {6},
     PAGES = {2472--2484},
      ISSN = {0001-8708},
   MRCLASS = {16T25 (20B25 20F38)},
  MRNUMBER = {2652212},
MRREVIEWER = {Tianshui Ma},
       DOI = {10.1016/j.aim.2010.02.001},
       URL = {https://doi.org/10.1016/j.aim.2010.02.001},
}

@inproceedings {MR0258994,
    AUTHOR = {Plemmons, Robert},
     TITLE = {Construction and analysis of non-equivalent finite semigroups},
 BOOKTITLE = {Computational {P}roblems in {A}bstract {A}lgebra ({P}roc.
              {C}onf., {O}xford, 1967) },
     PAGES = {223--228},
 PUBLISHER = {Pergamon, Oxford},
      YEAR = {1970},
   MRCLASS = {20.93},
  MRNUMBER = {0258994},
MRREVIEWER = {R. L. Kruse},
}
	
